@article{garcia2009lattice,
  TITLE = {Lattice regression},
  AUTHOR = {Garcia, Eric and Gupta, Maya},
  JOURNAL = {Advances in Neural Information Processing Systems},
  VOLUME = {22},
  PAGES = {594--602},
  YEAR = {2009}
}

@article{gupta2016monotonic,
	title={Monotonic calibrated interpolated look-up tables},
	author={Gupta, Maya and Cotter, Andrew and Pfeifer, Jan and Voevodski, Konstantin and Canini, Kevin and Mangylov, Alexander and Moczydlowski, Wojciech and Van Esbroeck, Alexander},
	journal={The Journal of Machine Learning Research},
	volume={17},
	number={1},
	pages={3790--3836},
	year={2016},
	publisher={JMLR. org}
}

@article{moreno2012unifying,
	title={A unifying view on dataset shift in classification},
	author={Moreno-Torres, Jose G and Raeder, Troy and Alaiz-Rodr{\'\i}Guez, Roc{\'\i}O and Chawla, Nitesh V and Herrera, Francisco},
	journal={Pattern recognition},
	volume={45},
	number={1},
	pages={521--530},
	year={2012},
	publisher={Elsevier}
}

@book{quionero2009dataset,
	title={Dataset shift in machine learning},
	author={Quionero-Candela, Joaquin and Sugiyama, Masashi and Schwaighofer, Anton and Lawrence, Neil D},
	year={2009},
	publisher={The MIT Press}
}

@article{wang2020deontological,
	title={Deontological Ethics By Monotonicity Shape Constraints}, 
	author={Serena Wang and Maya Gupta},
	year={2020},
	eprint={2001.11990},
	archivePrefix={arXiv},
	primaryClass={cs.LG}
}

@article{storkey2009training,
	title={When training and test sets are different: characterizing learning transfer},
	author={Storkey, Amos},
	journal={Dataset shift in machine learning},
	pages={3--28},
	year={2009},
	publisher={Citeseer}
}

@inproceedings{kull2014patterns,
	title={Patterns of dataset shift},
	author={Kull, Meelis and Flach, Peter},
	booktitle={First International Workshop on Learning over Multiple Contexts (LMCE) at ECML-PKDD},
	year={2014}
}

@article{garcia2012optimized,
	title={Optimized regression for efficient function evaluation},
	author={Garcia, Eric and Arora, Raman and Gupta, Maya R},
	journal={IEEE Transactions on Image Processing},
	volume={21},
	number={9},
	pages={4128--4140},
	year={2012},
	publisher={IEEE}
}

@article{you2017deep,
	title={Deep lattice networks and partial monotonic functions},
	author={You, Seungil and Ding, David and Canini, Kevin and Pfeifer, Jan and Gupta, Maya},
	journal={arXiv preprint arXiv:1709.06680},
	year={2017}
}

@article{yeh2009comparisons,
	title={The comparisons of data mining techniques for the predictive accuracy of probability of default of credit card clients},
	author={Yeh, I-Cheng and Lien, Che-hui},
	journal={Expert Systems with Applications},
	volume={36},
	number={2},
	pages={2473--2480},
	year={2009},
	publisher={Elsevier}
}

@article{groemping2019south,
	title={South German credit data: Correcting a widely used data set},
	author={Groemping, U},
	journal={Rep. Math., Phys. Chem., Berlin, Germany, Tech. Rep},
	volume={4},
	pages={2019},
	year={2019}
}

@book{japkowicz2011evaluating,
	title={Evaluating learning algorithms: a classification perspective},
	author={Japkowicz, Nathalie and Shah, Mohak},
	year={2011},
	publisher={Cambridge University Press}
}

@article{breiman2001random,
	title={Random forests},
	author={Breiman, Leo},
	journal={Machine learning},
	volume={45},
	number={1},
	pages={5--32},
	year={2001},
	publisher={Springer}
}

@article{baesens2003benchmarking,
	title={Benchmarking state-of-the-art classification algorithms for credit scoring},
	author={Baesens, Bart and Van Gestel, Tony and Viaene, Stijn and Stepanova, Maria and Suykens, Johan and Vanthienen, Jan},
	journal={Journal of the operational research society},
	volume={54},
	number={6},
	pages={627--635},
	year={2003},
	publisher={Springer}
}

@article{lessmann2015benchmarking,
	title={Benchmarking state-of-the-art classification algorithms for credit scoring: An update of research},
	author={Lessmann, Stefan and Baesens, Bart and Seow, Hsin-Vonn and Thomas, Lyn C},
	journal={European Journal of Operational Research},
	volume={247},
	number={1},
	pages={124--136},
	year={2015},
	publisher={Elsevier}
}

@article{sterkenburg2020no,
	title={The no-free-lunch theorems of supervised learning},
	author={Sterkenburg, Tom F and Gr{\"u}nwald, Peter D},
	year={2020}
}

@article{walker2011understanding,
	title={Understanding equivalence and noninferiority testing},
	author={Walker, Esteban and Nowacki, Amy S},
	journal={Journal of general internal medicine},
	volume={26},
	number={2},
	pages={192--196},
	year={2011},
	publisher={Springer}
}

@article{kato2020off,
	title={Off-policy evaluation and learning for external validity under a covariate shift},
	author={Kato, Masahiro and Uehara, Masatoshi and Yasui, Shota},
	journal={arXiv preprint arXiv:2002.11642},
	year={2020}
}

@article{shimodaira2000improving,
	title={Improving predictive inference under covariate shift by weighting the log-likelihood function},
	author={Shimodaira, Hidetoshi},
	journal={Journal of statistical planning and inference},
	volume={90},
	number={2},
	pages={227--244},
	year={2000},
	publisher={Elsevier}
}

@article{johansson2018learning,
	title={Learning weighted representations for generalization across designs},
	author={Johansson, Fredrik D and Kallus, Nathan and Shalit, Uri and Sontag, David},
	journal={arXiv preprint arXiv:1802.08598},
	year={2018}
}

@book{sugiyama2012machine,
	title={Machine learning in non-stationary environments: Introduction to covariate shift adaptation},
	author={Sugiyama, Masashi and Kawanabe, Motoaki},
	year={2012},
	publisher={MIT press}
}

@inproceedings{nair2019covariate,
	title={Covariate Shift: A Review and Analysis on Classifiers},
	author={Nair, Nimisha G and Satpathy, Pallavi and Christopher, Jabez and others},
	booktitle={2019 Global Conference for Advancement in Technology (GCAT)},
	pages={1--6},
	year={2019},
	organization={IEEE}
}

@article{bendavid2009training,
	title={On the Training/Test Distributions Gap: A Data Representation Learning Framework},
	author={Ben-David, Shai},
	journal={Dataset shift in machine learning},
	pages={73--84},
	year={2009},
	publisher={Citeseer}
}

@article{bickel2009discriminative,
	title={Discriminative learning under covariate shift.},
	author={Bickel, Steffen and Br{\"u}ckner, Michael and Scheffer, Tobias},
	journal={Journal of Machine Learning Research},
	volume={10},
	number={9},
	year={2009}
}

@article{sugiyama2010superfast,
	title={Superfast-trainable multi-class probabilistic classifier by least-squares posterior fitting},
	author={Sugiyama, Masashi},
	journal={IEICE Transactions on Information and Systems},
	volume={93},
	number={10},
	pages={2690--2701},
	year={2010},
	publisher={The Institute of Electronics, Information and Communication Engineers}
}

@article{yamada2011improving,
	title={Improving the accuracy of least-squares probabilistic classifiers},
	author={Yamada, Makoto and Sugiyama, Masashi and Wichern, Gordon and Simm, Jaak},
	journal={IEICE transactions on information and systems},
	volume={94},
	number={6},
	pages={1337--1340},
	year={2011},
	publisher={The Institute of Electronics, Information and Communication Engineers}
}

@article{gretton2009covariate,
	title={Covariate shift by kernel mean matching},
	author={Gretton, Arthur and Smola, Alex and Huang, Jiayuan and Schmittfull, Marcel and Borgwardt, Karsten and Sch{\"o}lkopf, Bernhard},
	journal={Dataset shift in machine learning},
	volume={3},
	number={4},
	pages={5},
	year={2009}
}

@article{huang2006correcting,
	title={Correcting sample selection bias by unlabeled data},
	author={Huang, Jiayuan and Gretton, Arthur and Borgwardt, Karsten and Sch{\"o}lkopf, Bernhard and Smola, Alex},
	journal={Advances in neural information processing systems},
	volume={19},
	pages={601--608},
	year={2006},
	publisher={Citeseer}
}

@article{kanamori2009condition,
	title={Condition number analysis of kernel-based density ratio estimation},
	author={Kanamori, Takafumi and Suzuki, Taiji and Sugiyama, Masashi},
	journal={arXiv preprint arXiv:0912.2800},
	year={2009}
}

@inproceedings{miao2015ensemble,
	title={Ensemble kernel mean matching},
	author={Miao, Yun-Qian and Farahat, Ahmed K and Kamel, Mohamed S},
	booktitle={2015 IEEE International Conference on Data Mining},
	pages={330--338},
	year={2015},
	organization={IEEE}
}

@article{sugiyama2008direct,
	title={Direct importance estimation for covariate shift adaptation},
	author={Sugiyama, Masashi and Suzuki, Taiji and Nakajima, Shinichi and Kashima, Hisashi and von B{\"u}nau, Paul and Kawanabe, Motoaki},
	journal={Annals of the Institute of Statistical Mathematics},
	volume={60},
	number={4},
	pages={699--746},
	year={2008},
	publisher={Springer}
}

@article{kanamori2009least,
	title={A least-squares approach to direct importance estimation},
	author={Kanamori, Takafumi and Hido, Shohei and Sugiyama, Masashi},
	journal={The Journal of Machine Learning Research},
	volume={10},
	pages={1391--1445},
	year={2009},
	publisher={JMLR. org}
}

@inproceedings{yamazaki2007asymptotic,
	title={Asymptotic bayesian generalization error when training and test distributions are different},
	author={Yamazaki, Keisuke and Kawanabe, Motoaki and Watanabe, Sumio and Sugiyama, Masashi and M{\"u}ller, Klaus-Robert},
	booktitle={Proceedings of the 24th international conference on Machine learning},
	pages={1079--1086},
	year={2007}
}

@incollection{globerson2009adversarial,
	title={An adversarial view of covariate shift and a minimax approach},
	author={Globerson, Amir and Teo, Choon-Hui and Smola, Alexander and Roweis, Sam and others},
	booktitle={Dataset shift in machine learning},
	year={2009},
	publisher={MIT Press}
}

@article{sugiyama2007covariate,
	title={Covariate shift adaptation by importance weighted cross validation.},
	author={Sugiyama, Masashi and Krauledat, Matthias and M{\"u}ller, Klaus-Robert},
	journal={Journal of Machine Learning Research},
	volume={8},
	number={5},
	year={2007}
}

@article{ben2007analysis,
	title={Analysis of representations for domain adaptation},
	author={Ben-David, Shai and Blitzer, John and Crammer, Koby and Pereira, Fernando and others},
	journal={Advances in neural information processing systems},
	volume={19},
	pages={137},
	year={2007},
	publisher={MIT; 1998}
}

@incollection{ben2003exploiting,
	title={Exploiting task relatedness for multiple task learning},
	author={Ben-David, Shai and Schuller, Reba},
	booktitle={Learning theory and kernel machines},
	pages={567--580},
	year={2003},
	publisher={Springer}
}

@article{rudin2019stop,
	title={Stop explaining black box machine learning models for high stakes decisions and use interpretable models instead},
	author={Rudin, Cynthia},
	journal={Nature Machine Intelligence},
	volume={1},
	number={5},
	pages={206--215},
	year={2019},
	publisher={Nature Publishing Group}
}